@Article{ medeiros,
	  author       = "Sergio Medeiros and Fabio Mascarenhas and Roberto Ierusalimschy"
	 ,title        = "Left Recursion in Parsing Expression Grammars"
	 ,year         = "2014"
	 ,journal      = "arXiv"
	 ,howpublished = {\url{http://arxiv.org/pdf/1207.0443.pdf?origin=publication_detail}}
}
