% Summary:
@proceedings{ abramson2009,
         ,author    = {David Abramson and Blair Bethwaite and Colin Enticott and Slavisa Garic and Tom Peachey
	               and Anushka Michailova and Saleh Amirriazi and Ramya Chitters}
         ,title     = {Robust Workflows for Science and Engineering}
         ,journal   = {MGTAS}
         ,year      = {2009}
}
